<?xml version="1.0" encoding="UTF-8"?>
<collection xmlns="http://www.loc.gov/MARC21/slim">
    <record>
        <leader>00000nam a2200289 a 4500</leader>
        <controlfield tag="001">9916798845507426</controlfield>
        <controlfield tag="008">||||||e20250408|||||||||||||||||||||||||||</controlfield>
        <datafield ind1="7" ind2=" " tag="016">
            <subfield code="a">IND608994725</subfield>
            <subfield code="2">DNAL</subfield>
        </datafield>
        <datafield ind1="7" ind2=" " tag="024">
            <subfield code="a">10.1111/mec.17727</subfield>
            <subfield code="2">doi</subfield>
        </datafield>
        <datafield ind1=" " ind2=" " tag="035">
            <subfield code="a">agid:8994725-01nal_inst</subfield>
        </datafield>
        <datafield ind1="1" ind2=" " tag="100">
            <subfield code="a">He, Qing</subfield>
            <subfield code="e">author</subfield>
            <subfield code="u">CAS Key Laboratory for Environmental Biotechnology, Research Center for Eco‐Environmental
                Sciences, Chinese Academy of Sciences (CAS), Beijing, China
            </subfield>
        </datafield>
        <datafield ind1="1" ind2="4" tag="245">
            <subfield code="a">The Same Source of Microbes has a Divergent Assembly Trajectory Along a Hot Spring
                Flowing Path
            </subfield>
        </datafield>
        <datafield ind1=" " ind2=" " tag="300">
            <subfield code="a">p.e17727-</subfield>
        </datafield>
        <datafield ind1=" " ind2=" " tag="520">
            <subfield code="a">Hot spring microbial mats represent intricate biofilms that establish self‐sustaining
                ecosystems, hosting diverse microbial communities which facilitate a range of biochemical processes and
                contribute to the structural and functional complexity of these systems. While community structuring
                across mat depth has received substantial attention, mechanisms shaping horizontal spatial composition
                and functional structure of these communities remain understudied. Here, we explored the contributions
                of species source, local environment and species interaction to microbial community assembly processes
                in six microbial mat regions following a flow direction with a temperature decreasing from 73.3°C to
                52.8°C. Surprisingly, we found that despite divergent community structures and potential functions
                across different microbial mats, large proportions of the community members (45.50%–80.29%) in the
                recipient mat communities originated from the same source community at the upper limit of temperature
                for photosynthetic life. This finding indicated that the source species were dispersed with water and
                subsequently filtered and shaped by local environmental factors. Furthermore, critical species with
                specific functional attributes played a pivotal role in community assembly by influencing potential
                interactions with other microorganisms. Therefore, species dispersal via water flow, environmental
                variables, and local species interaction jointly governed microbial assembly, elucidating assembly
                processes in the horizontal dimension of hot spring microbial mats and providing insights into microbial
                community assembly within extreme biospheres.
            </subfield>
        </datafield>
        <datafield ind1=" " ind2=" " tag="596">
            <subfield code="c">National Nature Science Foundation of China</subfield>
            <subfield code="a">92351303</subfield>
        </datafield>
        <datafield ind1=" " ind2=" " tag="596">
            <subfield code="c">National Nature Science Foundation of China</subfield>
            <subfield code="a">U23A2043</subfield>
        </datafield>
        <datafield ind1=" " ind2="3" tag="650">
            <subfield code="a">biofilm</subfield>
            <subfield code="0">https://lod.nal.usda.gov/nalt/17347</subfield>
        </datafield>
        <datafield ind1=" " ind2="3" tag="650">
            <subfield code="a">hot springs</subfield>
            <subfield code="0">https://lod.nal.usda.gov/nalt/196124</subfield>
        </datafield>
        <datafield ind1=" " ind2="3" tag="650">
            <subfield code="a">microbial communities</subfield>
            <subfield code="0">https://lod.nal.usda.gov/nalt/196371</subfield>
        </datafield>
        <datafield ind1=" " ind2="3" tag="650">
            <subfield code="a">photosynthesis</subfield>
            <subfield code="0">https://lod.nal.usda.gov/nalt/14059</subfield>
        </datafield>
        <datafield ind1=" " ind2="3" tag="650">
            <subfield code="a">species</subfield>
            <subfield code="0">https://lod.nal.usda.gov/nalt/350021</subfield>
        </datafield>
        <datafield ind1=" " ind2="3" tag="650">
            <subfield code="a">species dispersal</subfield>
            <subfield code="0">https://lod.nal.usda.gov/nalt/188673</subfield>
        </datafield>
        <datafield ind1=" " ind2="3" tag="650">
            <subfield code="a">temperature</subfield>
            <subfield code="0">https://lod.nal.usda.gov/nalt/5861</subfield>
        </datafield>
        <datafield ind1=" " ind2="3" tag="650">
            <subfield code="a">water flow</subfield>
            <subfield code="0">https://lod.nal.usda.gov/nalt/43956</subfield>
        </datafield>
        <datafield ind1="1" ind2=" " tag="700">
            <subfield code="a">Wang, Shang</subfield>
            <subfield code="e">author</subfield>
            <subfield code="u">CAS Key Laboratory for Environmental Biotechnology, Research Center for Eco‐Environmental
                Sciences, Chinese Academy of Sciences (CAS), Beijing, China
            </subfield>
        </datafield>
        <datafield ind1="1" ind2=" " tag="700">
            <subfield code="a">Feng, Kai</subfield>
            <subfield code="e">author</subfield>
            <subfield code="u">CAS Key Laboratory for Environmental Biotechnology, Research Center for Eco‐Environmental
                Sciences, Chinese Academy of Sciences (CAS), Beijing, China
            </subfield>
        </datafield>
        <datafield ind1="1" ind2=" " tag="700">
            <subfield code="a">Hou, Weiguo</subfield>
            <subfield code="e">author</subfield>
            <subfield code="u">State Key Laboratory of Biogeology and Environmental Geology, China University of
                Geosciences, Beijing, China
            </subfield>
        </datafield>
        <datafield ind1="1" ind2=" " tag="700">
            <subfield code="a">Zhang, Wenhui</subfield>
            <subfield code="e">author</subfield>
            <subfield code="u">State Key Laboratory of Biogeology and Environmental Geology, China University of
                Geosciences, Beijing, China
            </subfield>
        </datafield>
        <datafield ind1="1" ind2=" " tag="700">
            <subfield code="a">Li, Fangru</subfield>
            <subfield code="e">author</subfield>
            <subfield code="u">State Key Laboratory of Biogeology and Environmental Geology, China University of
                Geosciences, Beijing, China
            </subfield>
        </datafield>
        <datafield ind1="1" ind2=" " tag="700">
            <subfield code="a">Zhang, Yidi</subfield>
            <subfield code="e">author</subfield>
            <subfield code="u">State Key Laboratory of Biogeology and Environmental Geology, China University of
                Geosciences, Beijing, China
            </subfield>
        </datafield>
        <datafield ind1="1" ind2=" " tag="700">
            <subfield code="a">Hai, Wanming</subfield>
            <subfield code="e">author</subfield>
            <subfield code="u">State Key Laboratory of Biogeology and Environmental Geology, China University of
                Geosciences, Beijing, China
            </subfield>
        </datafield>
        <datafield ind1="1" ind2=" " tag="700">
            <subfield code="a">Sun, Yuxuan</subfield>
            <subfield code="e">author</subfield>
            <subfield code="u">State Key Laboratory of Biogeology and Environmental Geology, China University of
                Geosciences, Beijing, China
            </subfield>
        </datafield>
        <datafield ind1="1" ind2=" " tag="700">
            <subfield code="a">Deng, Ye</subfield>
            <subfield code="e">author</subfield>
            <subfield code="u">CAS Key Laboratory for Environmental Biotechnology, Research Center for Eco‐Environmental
                Sciences, Chinese Academy of Sciences (CAS), Beijing, China
            </subfield>
        </datafield>
        <datafield ind1="0" ind2=" " tag="773">
            <subfield code="t"/>
            <subfield code="x">0962-1083</subfield>
            <subfield code="g">2025 April., Vol. 34, no. 8 p.e17727-</subfield>
            <subfield code="w">Journal:jnl48811</subfield>
        </datafield>
        <datafield ind1="4" ind2="0" tag="856">
            <subfield code="u">https://dx.doi.org/10.1111/mec.17727</subfield>
        </datafield>
        <datafield ind1=" " ind2=" " tag="914">
            <subfield code="b">0962-1083</subfield>
            <subfield code="c">34</subfield>
            <subfield code="d">8</subfield>
            <subfield code="e">p.e17727-</subfield>
            <subfield code="a">Journal:jnl48811</subfield>
        </datafield>
        <datafield ind1=" " ind2=" " tag="974">
            <subfield code="a">agid:8994725</subfield>
        </datafield>
    </record>
</collection>